<record><leader>00000cas a2200000 a 4500</leader><controlfield tag="001">13403332</controlfield><controlfield tag="008">860407d18901968wauwr ne      0   a0eng d</controlfield><datafield ind1=" " ind2=" " tag="010"><subfield code="a">sn 88085114 </subfield></datafield><datafield ind1=" " ind2=" " tag="040"><subfield code="a">WAU</subfield><subfield code="b">eng</subfield><subfield code="c">WAU</subfield><subfield code="d">SLZ</subfield><subfield code="d">OCL</subfield><subfield code="d">OCLCQ</subfield><subfield code="d">OCLCF</subfield><subfield code="d">OCLCO</subfield></datafield><datafield ind1="1" ind2=" " tag="029"><subfield code="a">AU@</subfield><subfield code="b">000025810267</subfield></datafield><datafield ind1=" " ind2=" " tag="042"><subfield code="a">msc</subfield></datafield><datafield ind1=" " ind2=" " tag="043"><subfield code="a">n-us-wa</subfield></datafield><datafield ind1="0" ind2=" " tag="130"><subfield code="a">South Bend journal (South Bend, Wash.)</subfield></datafield><datafield ind1="1" ind2="0" tag="245"><subfield code="a">South Bend journal.</subfield></datafield><datafield ind1="3" ind2="0" tag="246"><subfield code="a">Journal</subfield></datafield><datafield ind1=" " ind2=" " tag="250"><subfield code="a">Pacific County ed.</subfield></datafield><datafield ind1=" " ind2=" " tag="260"><subfield code="a">South Bend, Wash. :</subfield><subfield code="b">South Bend Journal</subfield></datafield><datafield ind1=" " ind2=" " tag="300"><subfield code="a">v.</subfield></datafield><datafield ind1=" " ind2=" " tag="310"><subfield code="a">Weekly</subfield></datafield><datafield ind1="0" ind2=" " tag="362"><subfield code="a">Vol. 1, no. 24 (July 18, 1890)-v. 78, no. 40 (Jan. 25, 1968).</subfield></datafield><datafield ind1=" " ind2=" " tag="500"><subfield code="a">Published as: The journal, Aug. 3, 1967-Jan. 25, 1968.</subfield></datafield><datafield ind1=" " ind2=" " tag="525"><subfield code="a">Occasional supplements issued.</subfield></datafield><datafield ind1=" " ind2="0" tag="651"><subfield code="a">South Bend (Wash.)</subfield><subfield code="v">Newspapers.</subfield></datafield><datafield ind1=" " ind2="7" tag="655"><subfield code="a">Newspapers.</subfield><subfield code="2">fast</subfield><subfield code="0">(OCoLC)fst01423814</subfield></datafield><datafield ind1=" " ind2="7" tag="651"><subfield code="a">Washington (State)</subfield><subfield code="z">South Bend.</subfield><subfield code="2">fast</subfield><subfield code="0">(OCoLC)fst01207476</subfield></datafield><datafield ind1=" " ind2=" " tag="752"><subfield code="a">United States</subfield><subfield code="b">Washington</subfield><subfield code="c">Pacific</subfield><subfield code="d">South Bend.</subfield></datafield><datafield ind1="0" ind2="4" tag="780"><subfield code="t">South Bend enterprise</subfield><subfield code="w">(DLC)sn 88085116</subfield></datafield><datafield ind1="0" ind2="4" tag="780"><subfield code="t">Journal of commerce (Portland, Or.)</subfield></datafield><datafield ind1="0" ind2="7" tag="785"><subfield code="t">Willapa Harbor pilot</subfield><subfield code="w">(DLC)sn 88085111</subfield></datafield><datafield ind1="0" ind2="7" tag="785"><subfield code="t">Harbor pilot</subfield><subfield code="w">(DLC)sn 90099713</subfield></datafield></record>